<?xml version="1.0" encoding="UTF-8"?><record xmlns="http://www.loc.gov/MARC21/slim" xmlns:cinclude="http://apache.org/cocoon/include/1.0" xmlns:zs="http://www.loc.gov/zing/srw/">
  <leader>00489nz  a2200133n  4500</leader>
  <controlfield tag="001">n 2014187258</controlfield>
  <controlfield tag="003">DLC</controlfield>
  <controlfield tag="005">20140811044107.0</controlfield>
  <controlfield tag="008">140811n| azannaabn          |n aaa      </controlfield>
  <datafield tag="010" ind1=" " ind2=" ">
    <subfield code="a">n 2014187258</subfield>
  </datafield>
  <datafield tag="035" ind1=" " ind2=" ">
    <subfield code="a">(DNLM)1621546</subfield>
  </datafield>
  <datafield tag="040" ind1=" " ind2=" ">
    <subfield code="a">DNLM</subfield>
    <subfield code="b">eng</subfield>
    <subfield code="e">rda</subfield>
    <subfield code="c">DNLM</subfield>
  </datafield>
  <datafield tag="100" ind1="1" ind2=" ">
    <subfield code="a">Siddiqui, Noman A.</subfield>
  </datafield>
  <datafield tag="670" ind1=" " ind2=" ">
    <subfield code="a">The art of limb alignment, 2013:</subfield>
    <subfield code="b">t.p. (Noman A. Siddiqui, DPM) t.p. verso (Foot and Ankle Deformity Correction Surgeon, International Center for Limb Lengthening, Sinai Hospital of Baltimore)</subfield>
  </datafield>
</record>